%% This BibTeX bibliography file was created using BibDesk.
%% http://bibdesk.sourceforge.net/


%% Created for John Kim Nguyen at 2017-10-02 12:47:32 -0500 


%% Saved with string encoding Unicode (UTF-8) 



@book{social_sensing,
	Author = {D. Wang and T. Abdelzaher and L. Kaplan},
	Date-Added = {2017-10-02 17:46:24 +0000},
	Date-Modified = {2017-10-02 17:47:05 +0000},
	Edition = {1},
	Publisher = {Morgan Kaufmann Publishers Inc.},
	Title = {Social Sensing: Building Reliable Systems on Unreliable Data},
	Year = {2015}}

@article{park,
	Author = {Sangbum Park and Namki Lee and Youngjoon Han and Hernsoo Hahn},
	Date-Added = {2017-01-23 16:45:59 +0000},
	Date-Modified = {2017-01-23 16:46:43 +0000},
	Journal = {International Journal of Computer, Electrical, Automation, Control and Information Engineering},
	Number = {8},
	Pages = {2151-2155},
	Title = {The Water Level Detection Algorithm using the Accumulated Histogram with Band Pass Filter},
	Volume = {3},
	Year = {2009}}

@article{yu,
	Author = {JAEHYOUNG YU AND HERNSOO HAHN},
	Date-Added = {2017-01-23 16:10:53 +0000},
	Date-Modified = {2017-01-23 16:31:48 +0000},
	Journal = {JOURNAL OF INFORMATION SCIENCE AND ENGINEERING},
	Month = {82},
	Pages = {71},
	Title = {Remote Detection and Monitoring of a Water Level Using Narrow Band Channel},
	Volume = {26},
	Year = {2010}}

@article{ko,
	Author = {ByoungChul Ko and Sooyeong Kwak},
	Date-Added = {2017-01-23 16:02:02 +0000},
	Date-Modified = {2017-01-23 17:14:00 +0000},
	Journal = {Optical Engineering},
	Number = {7},
	Title = {Survey of computer vision--based natural disaster warning systems},
	Volume = {51},
	Year = {2012}}

@article{weiss,
	Author = {K. Weiss and T. M. Khoshgoftaar and D. Wang},
	Date-Added = {2016-12-06 18:11:08 +0000},
	Date-Modified = {2016-12-06 18:12:02 +0000},
	Journal = {Journal of Big Data},
	Number = {9},
	Title = {A survey of transfer learning},
	Volume = {3},
	Year = {2016}}

@conference{narayanan,
	Author = {RamKumar Narayanan and V. M. Lekshmy and Sethuraman Rao and Kalyan Sasidhar},
	Booktitle = {2014 International Conference on Computing, Communication and Networking Technologies (ICCCNT)},
	Date-Added = {2016-11-01 16:44:01 +0000},
	Date-Modified = {2016-11-01 16:46:04 +0000},
	Title = {A novel approach to urban flood monitoring using computer vision},
	Year = {2014}}

@webpage{unosat,
	Date-Added = {2016-11-01 16:28:50 +0000},
	Date-Modified = {2016-11-01 16:32:53 +0000},
	Lastchecked = {November 1, 2016},
	Url = {http://eomag.eu/articles/1856/validating-space-observations-for-flooding-with-crowdsourcing-in-situ-observations-by-ansur},
	Bdsk-Url-1 = {http://eomag.eu/articles/1856/validating-space-observations-for-flooding-with-crowdsourcing-in-situ-observations-by-ansur}}

@article{schmidhuber,
	Author = {J{\"u}rgen Schmidhuber},
	Date-Added = {2016-10-24 20:23:35 +0000},
	Date-Modified = {2016-10-24 20:24:30 +0000},
	Journal = {Neural Networks},
	Pages = {85-117},
	Title = {Deep learning in neural networks: An overview},
	Volume = {61},
	Year = {2015}}

@conference{girshick,
	Author = {Ross Girshick and Jeff Donahue and Trevor Darrell and Jitendra Malik},
	Booktitle = {IEEE Conference on Computer Vision and Pattern Recognition (CVPR)},
	Date-Added = {2016-10-24 20:21:44 +0000},
	Date-Modified = {2016-10-24 20:22:25 +0000},
	Pages = {580-587},
	Title = {Rich Feature Hierarchies for Accurate Object Detection and Semantic Segmentation},
	Year = {2014}}

@conference{long,
	Author = {Jonathan Long and Evan Shelhamer and Trevor Darrell},
	Booktitle = {IEEE Conference on Computer Vision and Pattern Recognition (CVPR)},
	Date-Added = {2016-10-24 20:20:39 +0000},
	Date-Modified = {2016-10-24 20:21:23 +0000},
	Pages = {3431-3440},
	Title = {Fully Convolutional Networks for Semantic Segmentation},
	Year = {2015}}

@article{srinivas,
	Author = {Suraj Srinivas and Ravi Kiran Sarvadevabhatla and Konda Reddy Mopuri and Nikita Prabhu and Srinivas Kruthiventi and Venkatesh Babu Radharishnan},
	Date-Added = {2016-10-24 20:16:38 +0000},
	Date-Modified = {2016-10-24 20:17:41 +0000},
	Journal = {Frontiers in Robotics and AI},
	Number = {36},
	Title = {A Taxonomy of Deep Convolutional Neural Nets for Computer Vision âˆ—},
	Volume = {2},
	Year = {2016}}

@article{arel,
	Author = {Itamar Arel and Derek C. Rose and Thomas P. Karnows},
	Date-Added = {2016-10-24 18:48:46 +0000},
	Date-Modified = {2016-10-24 18:51:05 +0000},
	Journal = {IEEE Computational Intelligence Magazine},
	Number = {4},
	Pages = {13-18},
	Title = {Deep Machine Learning: a New Frontier in Artificial Intelligence Research},
	Volume = {5},
	Year = {2010}}

@techreport{witherow,
	Author = {Megan A. Witherow and Khan M. Iftekharuddin and M. Cetin},
	Date-Added = {2016-10-18 18:38:56 +0000},
	Date-Modified = {2016-10-18 18:41:00 +0000},
	Institution = {Old Dominion University USRIP Symposium},
	Title = {ANALYSIS OF CROWD-SOURCED FLOODING IMAGES USING COMPUTER VISION TECHNIQUES},
	Year = {2016}}

@article{horita,
	Author = {Flavio E.A. Horita and Joao Porto Alburquerque and Livia C. Degrossi and Eduardo M. Mendiondo and Jo Ueyama},
	Date-Added = {2016-10-18 18:19:33 +0000},
	Date-Modified = {2016-10-18 18:20:54 +0000},
	Journal = {Computers and Geosciences},
	Number = {84-94},
	Title = {Geographical prioritization of social network messages in near real-time using sensor data streams: an application to floods},
	Volume = {80},
	Year = {2015}}

@article{lieske,
	Author = {D. Lieske},
	Date-Added = {2016-10-18 18:06:05 +0000},
	Date-Modified = {2016-10-18 18:06:35 +0000},
	Journal = {Environmental Modelling and Software},
	Number = {98-109},
	Title = {Coping with climate change: The role of spatial decision support tools in facilitating community adaptation},
	Volume = {68},
	Year = {2015}}

@article{hung-flood,
	Author = {K-C. Hung and M. Kalantary and A. Rajabifard},
	Booktitle = {Applied Geography},
	Date-Added = {2016-10-18 17:54:20 +0000},
	Date-Modified = {2016-10-18 17:55:26 +0000},
	Journal = {Applied Geography},
	Number = {37-47},
	Title = {Methods for assessing the credibility of volunteered geographic information in flood response: A case study in Brisbane, Australia},
	Volume = {68},
	Year = {2016}}

@conference{moreira,
	Author = {Ranieri de Brito Moreira and L. Degrossi and J. de Alburquerque},
	Booktitle = {12th Workshop on Experimental Software Engineering},
	Date-Added = {2016-10-18 17:46:53 +0000},
	Date-Modified = {2016-10-18 17:50:04 +0000},
	Title = {An experimental evaluation of a crowdsourcing-based approach for flood risk management},
	Year = {2015}}

@article{heipke,
	Author = {C. Heipke},
	Date-Added = {2016-10-18 17:42:27 +0000},
	Date-Modified = {2016-10-18 17:43:09 +0000},
	Journal = {ISPRS Journal of Photogrammetry and Remote Sensing},
	Number = {6},
	Pages = {550-557},
	Title = {Crowdsourcing geospatial data},
	Volume = {65},
	Year = {2010}}

@conference{poser,
	Author = {K. Poser and H. Kreibich and D. Dransch},
	Booktitle = {12th AGILE International Conference on Geographic Information Science},
	Date-Added = {2016-10-18 17:27:07 +0000},
	Date-Modified = {2016-10-18 17:27:46 +0000},
	Title = {Assessing volunteered geographic information for rapid flood damage estimation},
	Year = {2009}}

@article{wan,
	Author = {Z. Wan and Y. Hong and S. Khan and J. Gourley and Z. Flamig and D. Kirschbaum and G. Tang},
	Date-Added = {2016-10-18 16:54:53 +0000},
	Date-Modified = {2016-10-24 20:31:24 +0000},
	Journal = {Environmental Modelling and Software},
	Number = {86-94},
	Title = {A cloud-based global flood disaster community cyber-infrastructure: Development and demonstration},
	Volume = {58},
	Year = {2014}}

@inbook{heidemann,
	Author = {Hans Karl Heidemann},
	Chapter = {Lidar Base Specification},
	Date-Added = {2016-10-18 16:21:35 +0000},
	Date-Modified = {2016-10-18 16:23:11 +0000},
	Publisher = {U.S. Geological Survey},
	Title = {Collection and Delineation of Spatial Data},
	Year = {2014}}

@conference{robertson,
	Author = {N.M. Robertson and T. Chan},
	Booktitle = {16th IEEE International Conference on Image Processing},
	Date-Added = {2016-10-06 18:15:54 +0000},
	Date-Modified = {2016-10-06 18:17:09 +0000},
	Pages = {597-600},
	Title = {Aerial image segmentation for flood risk analysis},
	Year = {2009}}

@article{sande,
	Author = {C.J van der Sande and S.M de Jong and A.P.J. de Roo},
	Date-Added = {2016-10-06 18:13:12 +0000},
	Date-Modified = {2016-10-06 18:13:51 +0000},
	Journal = {International Journal of Applied Earth Observation and Geoinformation},
	Number = {3},
	Pages = {217-229},
	Title = {A segmentation and classification approach of IKONOS-2 imagery for land cover mapping to assist flood risk and flood damage assessment},
	Volume = {4},
	Year = {2003}}

@article{tralli,
	Author = {David M. Tralli and Ronald G. Blom and Victor Zlotnicki and Andrea Donnellan and Diane L. Evans},
	Date-Added = {2016-10-06 18:10:22 +0000},
	Date-Modified = {2016-10-06 18:11:33 +0000},
	Journal = {ISPRS Journal of Photogrammetry and Remote Sensing},
	Number = {4},
	Pages = {185-198},
	Title = {Satellite remote sensing of earthquake, volcano, flood, landslide and coastal inundation hazards},
	Volume = {59},
	Year = {2005}}

@article{tholey,
	Author = {N. Tholey and S. Clandillon and P. De Fraipont},
	Date-Added = {2016-10-06 18:08:54 +0000},
	Date-Modified = {2016-10-06 18:09:32 +0000},
	Journal = {Hydrological Processes},
	Number = {10},
	Pages = {1409-1413},
	Title = {The contribution of spaceborne SAR and optical data in monitoring flood events: examples in northern and southern France},
	Volume = {11},
	Year = {1997}}

@article{youssef,
	Author = {Ahmed M. Youssef and Biswajeet Pradhan and Abdallah M. Hassan},
	Date-Added = {2016-10-06 18:05:29 +0000},
	Date-Modified = {2016-10-06 18:07:18 +0000},
	Journal = {Environmental Earth Sciences},
	Number = {3},
	Pages = {611},
	Title = {Flash flood risk estimation along the St. Katherine road, southern Sinai, Egypt using GIS based morphometry and satellite imagery},
	Volume = {62},
	Year = {2011}}

@article{khan,
	Author = {Sadiq I. Khan and Yang Hong and Jonathon J. Gourley and Muhammad U. Khattak and Tom De Groeve},
	Date-Added = {2016-10-06 18:03:29 +0000},
	Date-Modified = {2016-10-06 18:04:45 +0000},
	Journal = {Remote Sensing},
	Number = {3},
	Pages = {2393-2407},
	Title = {Multi-sensor imaging and space-ground cross-validation for 2010 flood along Indus River, Pakistan},
	Volume = {6},
	Year = {2014}}

@conference{hanhmann,
	Author = {T. Hahmann and S. Martinis and A. Twele and A. Roth and M. Buchroithner},
	Booktitle = {7th European Conference on Synthetic Aperture Radar},
	Date-Added = {2016-10-06 17:59:51 +0000},
	Date-Modified = {2016-10-06 18:01:02 +0000},
	Pages = {1-4},
	Title = {Extraction of Water and Flood Areas from SAR Data},
	Year = {2008}}

@article{jain,
	Author = {S.K. Jain and R.D. Singh and S.M Seth},
	Date-Added = {2016-10-06 17:23:16 +0000},
	Date-Modified = {2016-10-06 17:23:52 +0000},
	Journal = {Water Resources Management},
	Pages = {369-376},
	Title = {Design Flood Estimation Using GIS Supported GIUH Approach},
	Volume = {14},
	Year = {2000}}

@article{carpenter,
	Author = {T.M. Carpenter and J.A. Sperfslage and K.P. Georgakakos and T. Sweeney and D.L. Fread},
	Date-Added = {2016-10-06 17:21:41 +0000},
	Date-Modified = {2016-10-06 17:22:30 +0000},
	Journal = {Journal of Hydrology},
	Number = {1-2},
	Pages = {21-44},
	Title = {National threshold runoff estimation utilizing GIS in support of operational flash flood warning systems},
	Volume = {224},
	Year = {1999}}

@article{al-sabhan,
	Author = {W. Al-Sabhan and M. Mulligan and G.A. Blackburn},
	Date-Added = {2016-10-06 17:10:38 +0000},
	Date-Modified = {2016-10-06 17:12:08 +0000},
	Journal = {Computers, Environment and Urban Systems},
	Number = {1},
	Pages = {9-32},
	Title = {A real-time hydrological model for flood prediction using GIS and the WWW},
	Volume = {27},
	Year = {2003}}

@article{meyer,
	Author = {Volker Meyer and Sebastian Scheuer and Dagmar Haase},
	Date-Added = {2016-10-06 17:04:32 +0000},
	Date-Modified = {2016-10-06 17:06:44 +0000},
	Journal = {National Hazards},
	Pages = {17-39},
	Title = {A multicriteria approach for flood risk mapping exempligied at the Mulde river, Germany},
	Volume = {48},
	Year = {2009}}

@article{buchele,
	Author = {B. Buchele and H. Kreibich and A. Kron and A. Thieken and J. Ihringer and P. Oberle and B. Merz and F. Nestmann},
	Date-Added = {2016-10-06 17:02:08 +0000},
	Date-Modified = {2016-10-06 17:03:22 +0000},
	Journal = {National Hazards and Earth Systems Sciences},
	Number = {485-503},
	Title = {Flood-risk mapping: contributions towards an enhanced assessment of extreme events and associated risks},
	Volume = {6},
	Year = {2006}}

@inproceedings{deng,
	Author = {Yining Deng and B.S. Manjunath},
	Booktitle = {IEEE Transactions on Pattern Analysis and Machine Intelligence},
	Date-Added = {2016-09-28 17:08:35 +0000},
	Date-Modified = {2016-09-28 17:09:29 +0000},
	Number = {8},
	Pages = {800-810},
	Title = {Unsupervised Segmentation of Color-Texture Regions in Images and Video},
	Volume = {23},
	Year = {2001}}

@inproceedings{achanta,
	Author = {Radhakrishna Achanta and Appu Shaji and Kevin Smith and Aurelien Lucchi and Pascal Fua and and Sabine Susstrunk},
	Booktitle = {IEEE Transactions on Pattern Analysis and Machine Intelligence},
	Date-Added = {2016-09-28 16:55:18 +0000},
	Date-Modified = {2016-09-28 16:57:36 +0000},
	Number = {11},
	Title = {SLIC Superpixels Compared to State-of-the-art Superpixel Methods},
	Volume = {34},
	Year = {2012}}

@conference{ger,
	Author = {E. Gershikov},
	Booktitle = {International Conference on Advanced Technologies for Communications},
	Date-Added = {2016-09-06 21:13:30 +0000},
	Date-Modified = {2016-09-06 21:14:35 +0000},
	Title = {Is color important for horizon line detection?},
	Year = {2014}}

@conference{workman,
	Author = {S. Workman and M. Zhai and N. Jacobs},
	Booktitle = {British Machine Vision Conference},
	Date-Added = {2016-09-06 17:23:59 +0000},
	Date-Modified = {2016-09-06 17:25:09 +0000},
	Title = {Horizon Lines Detection in the Wild},
	Year = {2016}}

@conference{bao-water,
	Author = {Xinfeng Bao and Svitlana Zinger and Rob Wijnhoven and Peter H.N. de With},
	Booktitle = {Advanced Concepts for Intelligent Vision Systems},
	Date-Added = {2016-08-30 20:39:01 +0000},
	Date-Modified = {2016-08-30 20:40:45 +0000},
	Pages = {444-454},
	Title = {Water Region Detection Supporting Ship Water Region Detection Supporting Ship Identification in Port Surveillance},
	Year = {2012}}

@inproceedings{hung,
	Author = {Y. Hung and C. Su and Y. Chang and J. Chang and H. Tyan},
	Booktitle = {International Conference on Multimedia and Expo (ICME)},
	Date-Added = {2016-08-29 17:25:52 +0000},
	Date-Modified = {2016-08-29 17:26:31 +0000},
	Title = {Skyline Localization for Mountain Images},
	Year = {2013}}

@inproceedings{ahmad1,
	Author = {T. Ahmad and G. Bebis and E. Regentova and A. Nefian},
	Booktitle = {9th International Symposium on Visual Computing (ISVC)},
	Date-Added = {2016-08-29 17:24:22 +0000},
	Date-Modified = {2016-08-29 17:25:05 +0000},
	Title = {A Machine Learning Approach to Horizon Line Detection using Local Feature},
	Year = {2013}}

@article{lie,
	Author = {W-N. Lie and T. Lin and T-C. Lin and K-S. Hung},
	Date-Added = {2016-08-29 16:54:21 +0000},
	Date-Modified = {2016-08-29 16:55:39 +0000},
	Journal = {Pattern Recognition Letters},
	Number = {2},
	Pages = {221-230},
	Title = {A robust dynamic programming algorithm to extract skyline in images for navigation},
	Volume = {26},
	Year = {2005}}

@techreport{duda,
	Author = {Richard O. Duda and Peter E. Hart},
	Date-Added = {2016-08-25 18:37:49 +0000},
	Date-Modified = {2016-08-25 18:39:12 +0000},
	Institution = {Artificial Intelligence Center at SRI International},
	Title = {Use of the Hough Transformation to Detect Lines and Curves in Pictures},
	Year = {1971}}

@misc{sobel,
	Author = {I. Sobel and G. Feldman},
	Date-Added = {2016-08-25 18:30:27 +0000},
	Date-Modified = {2016-08-25 18:31:50 +0000},
	Howpublished = {presented at Stanford Artificial Intelligence Project (SAIL)},
	Title = {An Isotropic 3x3 Image Gradient Operator for Image Processing},
	Year = {1968}}

@article{canny,
	Author = {J. Canny},
	Date-Added = {2016-08-25 18:18:58 +0000},
	Date-Modified = {2016-08-25 18:19:48 +0000},
	Journal = {IEEE Transactions on Pattern Analysis and Machine Intelligence},
	Number = {6},
	Pages = {679-698},
	Title = {A computational approach to edge detection},
	Volume = {8},
	Year = {1986}}

@inproceedings{zafa,
	Author = {Bahman Zafarifar and Hans Weda},
	Booktitle = {SPIE},
	Date-Added = {2016-08-25 18:10:36 +0000},
	Date-Modified = {2016-08-25 18:13:05 +0000},
	Title = {Horizon detection based on sky-color and edge features},
	Year = {2008}}

@inproceedings{baatz,
	Author = {G. Baatlz and O. Saurer and K. Koser and M. Pollefeys},
	Booktitle = {12th European Conference on Computer Vision},
	Date-Added = {2016-08-24 20:26:29 +0000},
	Date-Modified = {2016-08-24 20:27:20 +0000},
	Pages = {517-530},
	Title = {Large scale visual geo-localization of images in mountainous terrain},
	Year = {2012}}

@conference{baboud,
	Author = {L. Baboud and M. Cadik and E. Eisemann and H.P. Seidel},
	Booktitle = {Computer Vision and Pattern Recognition},
	Date-Added = {2016-08-24 20:27:32 +0000},
	Date-Modified = {2016-09-28 16:53:16 +0000},
	Title = {Automatic photo-to-terrain alignment for the annotation of mountain pictures},
	Year = {2011}}

@conference{boroujeni,
	Author = {N.S. Boroujeni and S.A. Etemad and A. Whitehead},
	Booktitle = {IEEE Ninth Conference on Computer and Robot Vision},
	Date-Added = {2016-08-24 20:52:42 +0000},
	Date-Modified = {2016-08-24 20:54:22 +0000},
	Pages = {346-352},
	Title = {Robust horizon detection using segmentation for UAV applications},
	Year = {2012}}

@conference{ettinger,
	Author = {S.M. Ettinger and M.C. Nechyba and P.G. Ifju and M. Waszak},
	Booktitle = {Intelligent Robots and Systems},
	Title = {Vision-guided flight stability and control for micro air vehicles},
	Year = {2002}}

@conference{fefi,
	Author = {Sergiy Fefilatyevlatyev and Volha Smarodzinava and Lawrence O. Hall and Dmitry B. Goldof},
	Booktitle = {5th International Conference on Machine Learning and Applications},
	Date-Modified = {2016-08-29 17:41:17 +0000},
	Title = {Horizon Detection Using Machine Learning Techniques},
	Year = {2006}}

@incollection{liu,
	Author = {W. Liu and C. Su},
	Booktitle = {Advanced Technologies, Embedded and Multimedia for Human-centric Computing Advanced Technologies, Embedded and Multimedia for Human-centric Computing},
	Date-Added = {2016-08-24 20:49:23 +0000},
	Date-Modified = {2016-08-24 20:51:28 +0000},
	Publisher = {Springer},
	Title = {Automatic peak recognition for mountain images},
	Year = {2014}}

@conference{shinzato,
	Author = {Patrick Y. Shinzato and Valdir Grassy Jr and S. Osorio and Denis F. Wolf},
	Booktitle = {Intelligent Vehicles Symposium},
	Title = {Fast Visual Road Recognition and Horizon Detection Using Multiple Artificial Neural Networks},
	Year = {2012}}

@inproceedings{mottaghi,
	Author = {Roozbeh Mottaghi and Xianjie Chen and Xiaobai Liu and Nam-Gyu Cho and Seong-Whan Lee and Sanja Fidler and Raquel Urtasun and Alan Yuille},
	Booktitle = {IEEE Conference on Computer Vision and Pattern Recognition (CVPR)},
	Title = {The Role of Context for Object Detection and Semantic Segmentation in the Wild},
	Year = {2014}}
